<?xml version="1.0" encoding="UTF-8"?><collection xmlns="http://www.loc.gov/MARC21/slim"><record><leader>00612nam--2200181-u-4500</leader><controlfield tag="001">000052452</controlfield><controlfield tag="002">20161230</controlfield><controlfield tag="005">20170210153621</controlfield><controlfield tag="008">100714s1000------------r-----000-0-fre-d</controlfield><datafield ind1=" " ind2=" " tag="040"><subfield code="a">IFIN-HH</subfield></datafield><datafield ind1=" " ind2=" " tag="080"><subfield code="a">532</subfield></datafield><datafield ind1="1" ind2=" " tag="110"><subfield code="a">Centre National De La Recherche Scientifique</subfield></datafield><datafield ind1="1" ind2="0" tag="245"><subfield code="a">Mecanique de la turbulence</subfield><subfield code="b">Marseille 28 aout - 2 septembrie 1961</subfield></datafield><datafield ind1=" " ind2=" " tag="260"><subfield code="a">Paris (Vii)</subfield><subfield code="b">Editions Du Centre Natinal De La Recherche Scientifique</subfield><subfield code="c">1962</subfield></datafield><datafield ind1=" " ind2=" " tag="300"><subfield code="a">470 p</subfield></datafield><datafield ind1=" " ind2=" " tag="490"><subfield code="a">Colloques Internationaux Du Centre National De La Recherche Scientifique</subfield><subfield code="v">No. 108</subfield></datafield><datafield ind1=" " ind2=" " tag="852"><subfield code="a">29202</subfield><subfield code="c">532</subfield></datafield><datafield ind1=" " ind2=" " tag="CAT"><subfield code="a">SYS</subfield><subfield code="c">20170210</subfield><subfield code="h">153621</subfield></datafield></record></collection>